% C4.5


% C5.0


@inproceedings{freund1999alternating,
%% C5.0 con boost o sin el resultados
  title={The alternating decision tree learning algorithm},
  author={Freund, Yoav and Mason, Llew},
  booktitle={icml},
  volume={99},
  pages={124--133},
  year={1999}
}

% Random forest
